<record xmlns="http://www.loc.gov/MARC21/slim" xmlns:xsi="http://www.w3.org/2001/XMLSchema-instance" xsi:schemaLocation="http://www.loc.gov/MARC21/slim http://www.loc.gov/standards/marcxml/schema/MARC21slim.xsd"><leader>00766cz   2200217n  4500</leader><controlfield tag="001">oca00391101 </controlfield><controlfield tag="005">20011201071518.0</controlfield><controlfield tag="008">800320n| acannaabn          |a aaa      </controlfield><datafield ind1=" " ind2=" " tag="010"><subfield code="a">n  80008543 </subfield></datafield><datafield ind1=" " ind2=" " tag="040"><subfield code="a">DLC</subfield><subfield code="b">eng</subfield><subfield code="c">DLC</subfield><subfield code="d">DLC</subfield><subfield code="d">INS-SF</subfield><subfield code="d">OCoLC</subfield></datafield><datafield ind1=" " ind2="0" tag="053"><subfield code="a">PA4245</subfield><subfield code="b">PA4247</subfield></datafield><datafield ind1="0" ind2=" " tag="100"><subfield code="a">Menander,</subfield><subfield code="c">of Athens</subfield></datafield><datafield ind1="0" ind2=" " tag="400"><subfield code="a">Menandros,</subfield><subfield code="c">of Athens</subfield></datafield><datafield ind1="1" ind2=" " tag="400"><subfield code="a">Athens, Menander of</subfield></datafield><datafield ind1="0" ind2=" " tag="400"><subfield code="a">Menandro,</subfield><subfield code="c">of Athens</subfield></datafield><datafield ind1="0" ind2=" " tag="400"><subfield code="a">MeÌ&#x81;nandre,</subfield><subfield code="c">of Athens</subfield></datafield><datafield ind1="0" ind2=" " tag="400"><subfield code="a">Menandorosu,</subfield><subfield code="c">of Athens</subfield></datafield><datafield ind1=" " ind2=" " tag="670"><subfield code="a">His Le laboureur de MeÌ&#x81;nandre ... 1898.</subfield></datafield><datafield ind1=" " ind2=" " tag="670"><subfield code="a">Ruiz, E. La mujer y el amor en Menandro, 1981:</subfield><subfield code="b">t.p. (Menandro)</subfield></datafield><datafield ind1=" " ind2=" " tag="670"><subfield code="a">Girisha kigeki zenshuÌ&#x84;, 1961:</subfield><subfield code="b">v. 1, p. 40 (Menandorosu; 341-291 B.C.)</subfield></datafield><datafield ind1=" " ind2=" " tag="670"><subfield code="a">Dai jinmei j.</subfield><subfield code="b">(Menandorosu; 342 or 1-291 or 290 B.C.)</subfield></datafield></record>